<record><leader>00000cas a22000007a 4500</leader><controlfield tag="001">19851364</controlfield><controlfield tag="008">890612d18311832gauin ne      0    0eng d</controlfield><datafield ind1=" " ind2=" " tag="010"><subfield code="a">sn 89053327 </subfield></datafield><datafield ind1=" " ind2=" " tag="040"><subfield code="a">NLG</subfield><subfield code="b">eng</subfield><subfield code="c">NLG</subfield><subfield code="d">FUG</subfield><subfield code="d">NVK</subfield><subfield code="d">OCL</subfield><subfield code="d">GUA</subfield><subfield code="d">OCLCQ</subfield><subfield code="d">OCLCF</subfield><subfield code="d">OCLCO</subfield></datafield><datafield ind1="1" ind2=" " tag="029"><subfield code="a">AU@</subfield><subfield code="b">000020121827</subfield></datafield><datafield ind1=" " ind2=" " tag="042"><subfield code="a">msc</subfield></datafield><datafield ind1=" " ind2=" " tag="043"><subfield code="a">n-us-ga</subfield></datafield><datafield ind1="0" ind2="4" tag="245"><subfield code="a">The Macon advertiser and agricultural and mercantile intelligencer.</subfield></datafield><datafield ind1=" " ind2=" " tag="260"><subfield code="a">Macon, Ga. :</subfield><subfield code="b">Marmaduke J. Slade,</subfield><subfield code="c">1831-1832.</subfield></datafield><datafield ind1=" " ind2=" " tag="300"><subfield code="a">2 v.</subfield></datafield><datafield ind1=" " ind2=" " tag="310"><subfield code="a">Triweekly (weekly in summer),</subfield><subfield code="b">&lt;May 11&gt;-Oct. 27, 1832</subfield></datafield><datafield ind1=" " ind2=" " tag="321"><subfield code="a">Semiweekly,</subfield><subfield code="b">Apr. 19, 1831-&lt;May 4, 1832&gt;</subfield></datafield><datafield ind1="0" ind2=" " tag="362"><subfield code="a">Vol. 1, no. 1 (Apr. 19, 1831)-v. 2, no. 29 (Oct. 27, 1832).</subfield></datafield><datafield ind1=" " ind2=" " tag="530"><subfield code="a">Available on microfilm from the University of Georgia Libraries.</subfield></datafield><datafield ind1=" " ind2="0" tag="651"><subfield code="a">Macon (Ga.)</subfield><subfield code="v">Newspapers.</subfield></datafield><datafield ind1=" " ind2="0" tag="651"><subfield code="a">Bibb County (Ga.)</subfield><subfield code="v">Newspapers.</subfield></datafield><datafield ind1=" " ind2="7" tag="655"><subfield code="a">Newspapers.</subfield><subfield code="2">fast</subfield><subfield code="0">(OCoLC)fst01423814</subfield></datafield><datafield ind1=" " ind2="7" tag="651"><subfield code="a">Georgia</subfield><subfield code="z">Bibb County.</subfield><subfield code="2">fast</subfield><subfield code="0">(OCoLC)fst01207988</subfield></datafield><datafield ind1=" " ind2="7" tag="651"><subfield code="a">Georgia</subfield><subfield code="z">Macon.</subfield><subfield code="2">fast</subfield><subfield code="0">(OCoLC)fst01206924</subfield></datafield><datafield ind1=" " ind2=" " tag="752"><subfield code="a">United States</subfield><subfield code="b">Georgia</subfield><subfield code="c">Bibb</subfield><subfield code="d">Macon.</subfield></datafield><datafield ind1="0" ind2="0" tag="785"><subfield code="t">Macon advertiser</subfield><subfield code="w">(DLC)sn 82016265</subfield><subfield code="w">(OCoLC)9267527</subfield></datafield></record>